<?xml version="1.0" encoding="UTF-8"?>
<collection xmlns:xsi="http://www.w3.org/2001/XMLSchema-instance" xsi:schemaLocation="http://www.loc.gov/MARC21/slim http://www.loc.gov/standards/marcxml/schema/MARC21slim.xsd" xmlns="http://www.loc.gov/MARC21/slim">
<record>
  <leader>00930cam a2200277Ka 4500</leader>
  <controlfield tag="001">5370095</controlfield>
  <controlfield tag="003">NNC</controlfield>
  <controlfield tag="005">20160122160941.0</controlfield>
  <controlfield tag="008">840217s1971    iq a          000 0 ara d</controlfield>
  <datafield tag="010" ind1=" " ind2=" ">
    <subfield code="a">   73203777 </subfield>
  </datafield>
  <datafield tag="035" ind1=" " ind2=" ">
    <subfield code="a">(OCoLC)ocm10427385</subfield>
  </datafield>
  <datafield tag="035" ind1=" " ind2=" ">
    <subfield code="a">(NNC)5370095</subfield>
  </datafield>
  <datafield tag="040" ind1=" " ind2=" ">
    <subfield code="a">DPL</subfield>
    <subfield code="c">DPL</subfield>
    <subfield code="d">EYM</subfield>
    <subfield code="d">ZCU</subfield>
  </datafield>
  <datafield tag="050" ind1="0" ind2="0">
    <subfield code="a">PJ7840A85</subfield>
    <subfield code="b">A9</subfield>
  </datafield>
  <datafield tag="050" ind1=" " ind2="4">
    <subfield code="a">PJ7840A83</subfield>
    <subfield code="b">A9</subfield>
  </datafield>
  <datafield tag="090" ind1=" " ind2=" ">
    <subfield code="a">PJ7661</subfield>
    <subfield code="b">.I8 v.7</subfield>
  </datafield>
  <datafield tag="100" ind1="1" ind2=" ">
    <subfield code="a">Jawāhirī, Muḥammad Mahdī,</subfield>
    <subfield code="d">1899?-1997.</subfield>
  </datafield>
  <datafield tag="245" ind1="1" ind2="0">
    <subfield code="a">Ayyuhā al-araq /</subfield>
    <subfield code="c">taʾālīf Muḥammad Mahdī al-Jawāhirī.</subfield>
  </datafield>
  <datafield tag="260" ind1=" " ind2=" ">
    <subfield code="a">Baghdad,</subfield>
    <subfield code="b">Mudīrīyat al-Thaqāfah al-ʻĀmmah‏,</subfield>
    <subfield code="c">1971.</subfield>
  </datafield>
  <datafield tag="300" ind1=" " ind2=" ">
    <subfield code="a">135 p. :</subfield>
    <subfield code="b">ill. ;</subfield>
    <subfield code="c">20 cm.</subfield>
  </datafield>
  <datafield tag="490" ind1="1" ind2=" ">
    <subfield code="a">Dīwān al-shiʻr al-Arabī al-badīth ;</subfield>
    <subfield code="v">7</subfield>
  </datafield>
  <datafield tag="490" ind1="1" ind2=" ">
    <subfield code="a">Silsilat al-maṭbūʻāt al-fannīyah</subfield>
  </datafield>
  <datafield tag="500" ind1=" " ind2=" ">
    <subfield code="a">A Poem.</subfield>
  </datafield>
  <datafield tag="830" ind1=" " ind2="0">
    <subfield code="a">Dīwān al-shiʻr al-Arabī al-badīth ;</subfield>
    <subfield code="v">7.</subfield>
  </datafield>
  <datafield tag="830" ind1=" " ind2="0">
    <subfield code="a">Silsilat al-Maṭbūʻāt al-fannīyah.</subfield>
  </datafield>
  <datafield tag="955" ind1=" " ind2=" ">
    <subfield code="b">0036760862</subfield>
    <subfield code="d">glx</subfield>
    <subfield code="e">PJ7661 .I8 v.7</subfield>
    <subfield code="v">v.7</subfield>
  </datafield>
</record>
</collection>